<?xml version="1.0" encoding="UTF-8"?>
<record xmlns="http://www.loc.gov/MARC21/slim">
   <leader>01054cam a22002771  4500</leader>
   <controlfield tag="001">1280336</controlfield>
   <controlfield tag="003">NjP</controlfield>
   <controlfield tag="005">20160203090646.0</controlfield>
   <controlfield tag="008">840409m19629999iq acfh  bc   00010 arax </controlfield>
   <datafield tag="024" ind1="7" ind2=" ">
      <subfield code="a">princeton_aco004917</subfield>
      <subfield code="2">local</subfield>
   </datafield>
   <datafield ind1=" " ind2=" " tag="010">
      <subfield code="a">ne 68002474 </subfield>
   </datafield>
   <datafield ind1=" " ind2=" " tag="035">
      <subfield code="a">(CStRLIN)NYPG84-B27009</subfield>
   </datafield>
   <datafield ind1=" " ind2=" " tag="035">
      <subfield code="9">CDS2932TS</subfield>
   </datafield>
   <datafield ind1=" " ind2=" " tag="040">
      <subfield code="c">NN</subfield>
      <subfield code="d">NN</subfield>
      <subfield code="d">NjP</subfield>
   </datafield>
   <datafield ind1=" " ind2=" " tag="043">
      <subfield code="a">a-iq---</subfield>
   </datafield>
   <datafield ind1="0" ind2=" " tag="050">
      <subfield code="a">Z6621.M2573</subfield>
      <subfield code="b">A754</subfield>
   </datafield>
   <datafield ind1="1" ind2=" " tag="110">
      <subfield code="a">Maktabat Āyat Allāh al-Ḥakīm al-ʻĀmmah.</subfield>
   </datafield>
   <datafield ind1="1" ind2="0" tag="245">
      <subfield code="a">Min nawādir makhṭūṭāt Maktabat Āyat Allāh al-Ḥakīm al-ʻĀmmah :</subfield>
      <subfield code="b">taʾassasat 1377 H /1957 M, Jāmiʻ al-Hindī, al-Najaf al-Ashraf /</subfield>
      <subfield code="c">Ikhrāj wa-tanẓīm Idārat al-Maktabah.</subfield>
   </datafield>
   <datafield ind1=" " ind2=" " tag="250">
      <subfield code="a">[al-Ṭabʻah 1.]</subfield>
   </datafield>
   <datafield ind1=" " ind2=" " tag="260">
      <subfield code="a">[al-Najaf :</subfield>
      <subfield code="b">s.n.,</subfield>
      <subfield code="c">1962- ]</subfield>
   </datafield>
   <datafield ind1=" " ind2=" " tag="300">
      <subfield code="a">v. :</subfield>
      <subfield code="b">ill., facsims., plates, ports.;</subfield>
      <subfield code="c">25 cm.</subfield>
   </datafield>
   <datafield ind1=" " ind2=" " tag="500">
      <subfield code="a">In Arabic.</subfield>
   </datafield>
   <datafield ind1=" " ind2=" " tag="504">
      <subfield code="a">Includes bibliographical references (v. 1, p. 157-158).</subfield>
   </datafield>
   <datafield ind1=" " ind2="0" tag="650">
      <subfield code="a">Manuscripts, Arabic</subfield>
      <subfield code="z">Iraq</subfield>
      <subfield code="z">Nejef</subfield>
      <subfield code="v">Catalogs.</subfield>
   </datafield>
   <datafield ind1=" " ind2=" " tag="948">
      <subfield code="a">jab/con</subfield>
   </datafield>
   <datafield ind1=" " ind2=" " tag="911">
      <subfield code="a">19980220</subfield>
   </datafield>
   <datafield ind1=" " ind2=" " tag="912">
      <subfield code="a">20000301040405.0</subfield>
   </datafield>
   <datafield ind1="0" ind2="1" tag="852">
      <subfield code="0">1471636</subfield>
      <subfield code="b">f</subfield>
      <subfield code="t">0</subfield>
      <subfield code="h">Z6621.M2573</subfield>
      <subfield code="i">A754 1962</subfield>
   </datafield>
   <datafield ind1=" " ind2="0" tag="866">
      <subfield code="0">1471636</subfield>
      <subfield code="a">v. 1.</subfield>
   </datafield>
   <datafield ind1=" " ind2=" " tag="959">
      <subfield code="a">2000-06-13 00:00:00 -0400</subfield>
   </datafield>
</record>
